@book{lee2003introduction,
	title={Introduction to Smooth Manifolds},
	author={Lee, J.M.},
	isbn={9780387954486},
	lccn={2002070454},
	series={Graduate Texts in Mathematics},
	url={https://books.google.com.mx/books?id=eqfgZtjQceYC},
	year={2003},
	publisher={Springer}
}

@book{matsumoto2002introduction,
	title={An Introduction to Morse Theory},
	author={Matsumoto, Y.},
	isbn={9780821810224},
	lccn={01045751},
	series={Europe and Central Asia Poverty Reduction and Economic Manag},
	url={https://books.google.com.mx/books?id=TtKyqozvgIwC},
	year={2002},
	publisher={American Mathematical Society}
}

@book{dummit2003abstract,
	title={Abstract Algebra},
	author={Dummit, D.S. and Foote, R.M.},
	isbn={9780471433347},
	lccn={2003057652},
	url={https://books.google.com.mx/books?id=KJDBQgAACAAJ},
	year={2003},
	publisher={Wiley}
}

@book{lang2005algebra,
	title={Algebra},
	author={Lang, S.},
	isbn={9780387953854},
	lccn={01054916},
	series={Graduate Texts in Mathematics},
	url={https://books.google.com.mx/books?id=Fge-BwqhqIYC},
	year={2005},
	publisher={Springer New York}
}

@book{folland1999real,
	title={Real Analysis: Modern Techniques and Their Applications},
	author={Folland, G.B.},
	isbn={9780471317166},
	lccn={98037260},
	series={Pure and Applied Mathematics: A Wiley Series of Texts, Monographs and Tracts},
	url={https://books.google.com.mx/books?id=uPkYAQAAIAAJ},
	year={1999},
	publisher={Wiley}
}

@book{hatcher2002algebraic,
	title={Algebraic Topology},
	author={Hatcher, A.},
	isbn={9780521795401},
	lccn={00065166},
	series={Algebraic Topology},
	url={https://books.google.com.mx/books?id=BjKs86kosqgC},
	year={2002},
	publisher={Cambridge University Press}
}

